@misc{1,
title={RFC793},
howpublished={\url{http://www.rfc-editor.org/rfc/rfc793.txt}}
}
@misc{2,
title={RFC768},
howpublished={\url{http://www.faqs.org/rfcs/rfc768.html}}
}

@misc{3,
title={RFC791},
howpublished={\url{http://www.faqs.org/rfcs/rfc791.html}}
}

@misc{4,
title={RFC792},
howpublished={\url{http://www.faqs.org/rfcs/rfc792.html}}
}

@misc{5,
title={Libnet},
howpublished={\url{http://libnet.sourceforge.net/}}
}

@misc{6,
title={Tcpdumo},
howpublished={\url{http://www.tcpdump.org/}}
}

@misc{7,
title={Wireshark},
howpublished={\url{http://www.wireshark.org/}}
}
